<?xml version="1.0" encoding="UTF-8"?><collection xmlns="http://www.loc.gov/MARC21/slim"><record><leader>00469nam--2200169-i-4500</leader><controlfield tag="001">000011974</controlfield><controlfield tag="002">20161230</controlfield><controlfield tag="005">20161230201029</controlfield><controlfield tag="008">060222s1000------------r-----000-0-eng-d</controlfield><datafield ind1=" " ind2=" " tag="040"><subfield code="a">IFIN-HH</subfield></datafield><datafield ind1=" " ind2=" " tag="080"><subfield code="a">51(083.53)</subfield></datafield><datafield ind1="1" ind2=" " tag="100"><subfield code="a">Bremiker, C</subfield></datafield><datafield ind1="1" ind2="0" tag="245"><subfield code="a">Georg s freiherrn von vega logarithmisch trigonometrisches. handbuch</subfield><subfield code="c">C. bremiker</subfield></datafield><datafield ind1=" " ind2=" " tag="260"><subfield code="a">Berlin</subfield><subfield code="b">Weidmannsche Buchhandlung</subfield><subfield code="c">1908</subfield></datafield><datafield ind1=" " ind2=" " tag="300"><subfield code="a">573 P</subfield></datafield><datafield ind1=" " ind2=" " tag="852"><subfield code="a">14601</subfield><subfield code="c">H.H</subfield></datafield><datafield ind1=" " ind2=" " tag="CAT"><subfield code="a">Sys</subfield><subfield code="c">20130328</subfield><subfield code="h">132303</subfield></datafield></record></collection>